<record><leader>00000cas a2200000 a 4500</leader><controlfield tag="001">10084539</controlfield><controlfield tag="008">831102d18721909ohuwr ne      0   a0eng d</controlfield><datafield ind1=" " ind2=" " tag="010"><subfield code="a">sn 85038239 </subfield></datafield><datafield ind1=" " ind2=" " tag="040"><subfield code="a">BGU</subfield><subfield code="b">eng</subfield><subfield code="c">BGU</subfield><subfield code="d">NPY</subfield><subfield code="d">NPU</subfield><subfield code="d">ONP</subfield><subfield code="d">MGN</subfield><subfield code="d">OCL</subfield><subfield code="d">OCLCQ</subfield></datafield><datafield ind1=" " ind2=" " tag="042"><subfield code="a">msc</subfield></datafield><datafield ind1=" " ind2=" " tag="043"><subfield code="a">n-us-oh</subfield></datafield><datafield ind1="0" ind2=" " tag="130"><subfield code="a">Nevada enterprise (Nevada, Ohio : 1872)</subfield></datafield><datafield ind1="1" ind2="4" tag="245"><subfield code="a">The Nevada enterprise.</subfield></datafield><datafield ind1=" " ind2=" " tag="260"><subfield code="a">Nevada, Ohio :</subfield><subfield code="b">A.B. Kirtland,</subfield><subfield code="c">1872-1909.</subfield></datafield><datafield ind1=" " ind2=" " tag="300"><subfield code="a">v. ;</subfield><subfield code="c">55 cm.</subfield></datafield><datafield ind1=" " ind2=" " tag="310"><subfield code="a">Weekly</subfield></datafield><datafield ind1="0" ind2=" " tag="362"><subfield code="a">Vol. 1, no. 1 (Jan. 12, 1872)-v. 38. no. 38 (Sept. 23, 1909).</subfield></datafield><datafield ind1=" " ind2=" " tag="500"><subfield code="a">Editor: A.B. Kirtland, Jan. 12, 1872-Apr. 28, 1876.</subfield></datafield><datafield ind1=" " ind2=" " tag="500"><subfield code="a">Independent. Cf. Gutgesell.</subfield></datafield><datafield ind1=" " ind2=" " tag="500"><subfield code="a">"A weekly paper, devoted to the good of the community in general, and the special benefit of its patrons."</subfield></datafield><datafield ind1="1" ind2=" " tag="700"><subfield code="a">Kirtland, A. B.</subfield></datafield><datafield ind1=" " ind2=" " tag="752"><subfield code="a">United States</subfield><subfield code="b">Ohio</subfield><subfield code="c">Wyandot</subfield><subfield code="d">Nevada.</subfield></datafield><datafield ind1="0" ind2="0" tag="785"><subfield code="t">Nevada news (Nevada, Ohio)</subfield><subfield code="w">(DLC)sn 87076855</subfield></datafield></record>